% Encoding: UTF-8

@Article{Dirac1953888,
  author  = {P.A.M. Dirac},
  journal = {Physica},
  title   = {The lorentz transformation and absolute time},
  year    = {1953},
  number  = {1-–12},
  pages   = {888--896},
  volume  = {19},
  doi     = {10.1016/S0031-8914(53)80099-6},
}

@article{Blundell1998,
	title={Initial conditions and moment restrictions in dynamic panel data models},
	author={Blundell, Richard and Bond, Stephen},
	journal={Journal of econometrics},
	volume={87},
	number={1},
	pages={115--143},
	year={1998},
	publisher={Elsevier}
}

@article{Batyra2010,
	title={Selective reductions in labor taxation: Labor market adjustments and macroeconomic performance},
	author={Batyra, Anna and Sneessens, Henri R},
	journal={Journal of Policy Modeling},
	volume={32},
	number={4},
	pages={531--543},
	year={2010},
	publisher={Elsevier}
}

@article{Brooks2021,
title={Exploitation of labor? Classical monopsony power and labor's share},
author={Brooks, Wyatt J and Kaboski, Joseph P and Li, Yao Amber and Qian, Wei},
journal={Journal of Development Economics},
pages={102627},
year={2021},
publisher={Elsevier}
}

@article{Booth2011,
	title={Estimating the wage elasticity of labour supply to a firm: What evidence is there for monopsony?},
	author={Booth, Alison L and Katic, Pamela},
	journal={Economic Record},
	volume={87},
	number={278},
	pages={359--369},
	year={2011},
	publisher={Wiley Online Library}
}

@Article{Scherer2015,
	author  = {Scherer, Cl{\'o}vis},
	title   = {Payroll tax reduction in Brazil: Effects on employment and wages},
	journal = {ISS Working Paper Series/General Series},
	year    = {2015},
	volume  = {602},
	number  = {602},
	pages   = {1--64},
}

@phdthesis{Dallava2014,
	title={Impactos da desonera{\c{c}}{\~a}o da folha de pagamantos sobre o n{\'\i}vel de emprego no mercado de trabalho brasileiro: um estudo a partir dos dados da RAIS},
	author={Dallava, Caroline Caparroz},
	school       = {EESP/FGV},
	year={2014}
}


@misc{Dilma,
	author = "{O Estado de S.Paulo}",
	title = {{Dilma: `Eu errei ao promover uma grande desoneração'}},
	howpublished = {\url{https://economia.estadao.com.br/noticias/geral,dilma-eu-errei-ao-promover-uma-grande-desoneracao,70001696541}},
	note = {Online; accessed 10 February 2021} ,
	year=2017,
}


@article{Falch2010,
	title={The elasticity of labor supply at the establishment level},
	author={Falch, Torberg},
	journal={Journal of Labor Economics},
	volume={28},
	number={2},
	pages={237--266},
	year={2010},
	publisher={The University of Chicago Press}
}

@article{Staiger2010,
	title={Is there monopsony in the labor market? Evidence from a natural experiment},
	author={Staiger, Douglas O and Spetz, Joanne and Phibbs, Ciaran S},
	journal={Journal of Labor Economics},
	volume={28},
	number={2},
	pages={211--236},
	year={2010},
	publisher={The University of Chicago Press}
}

@article{Dube2020,
	Author = {Dube, Arindrajit and Jacobs, Jeff and Naidu, Suresh and Suri, Siddharth},
	Title = {Monopsony in Online Labor Markets},
	Journal = {American Economic Review: Insights},
	Volume = {2},
	Number = {1},
	Year = {2020},
	Month = {March},
	Pages = {33-46},
	DOI = {10.1257/aeri.20180150},
	URL = {https://www.aeaweb.org/articles?id=10.1257/aeri.20180150}
}

	

@article{Karabarbounis2014,
	title={The global decline of the labor share},
	author={Karabarbounis, Loukas and Neiman, Brent},
	journal={The Quarterly journal of economics},
	volume={129},
	number={1},
	pages={61-103},
	year={2014},
	publisher={Oxford University Press}
}

@article{Abowd1999,
	title={High wage workers and high wage firms},
	author={Abowd, John M and Kramarz, Francis and Margolis, David N},
	journal={Econometrica},
	volume={67},
	number={2},
	pages={251--333},
	year={1999},
	publisher={Wiley Online Library}
}

@article{Goux1999,
	title={Persistence of interindustry wage differentials: a reexamination using matched worker-firm panel data},
	author={Goux, Dominique and Maurin, Eric},
	journal={Journal of labor Economics},
	volume={17},
	number={3},
	pages={492--533},
	year={1999},
	publisher={The University of Chicago Press}
}

@article{Abraham2009,
	title={The effect of globalization on union bargaining and price-cost margins of firms},
	author={Abraham, Filip and Konings, Jozef and Vanormelingen, Stijn},
	journal={Review of World Economics},
	volume={145},
	number={1},
	pages={13--36},
	year={2009},
	publisher={Springer}
}

@article{Gruetter2009,
	title={The importance of firms in wage determination},
	author={Gruetter, Max and Lalive, Rafael},
	journal={Labour Economics},
	volume={16},
	number={2},
	pages={149--160},
	year={2009},
	publisher={Elsevier}
}

@article{Card2018,
	title={Firms and labor market inequality: Evidence and some theory},
	author={Card, David and Cardoso, Ana Rute and Heining, Joerg and Kline, Patrick},
	journal={Journal of Labor Economics},
	volume={36},
	number={S1},
	pages={S13--S70},
	year={2018},
	publisher={University of Chicago Press Chicago, IL}
}

@techreport{Abowd2002,
	title={Computing person and firm effects using linked longitudinal employer-employee data},
	author={Abowd, John M and Creecy, Robert H and Kramarz, Francis and others},
	year={2002},
	institution={Center for Economic Studies, US Census Bureau}
}

@article{Ashenfelter2010,
	title={Labor market monopsony},
	author={Ashenfelter, Orley C and Farber, Henry and Ransom, Michael R},
	journal={Journal of Labor Economics},
	volume={28},
	number={2},
	pages={203--210},
	year={2010},
	publisher={The University of Chicago Press}
}

@article{Dorn2017,
	title={Concentrating on the Fall of the Labor Share},
	author={Dorn, David and Katz, Lawrence F and Patterson, Christina and Van Reenen, John and others},
	journal={American Economic Review},
	volume={107},
	number={5},
	pages={180--85},
	year={2017}
}

@article{Autor2020,
	title={The fall of the labor share and the rise of superstar firms},
	author={Autor, David and Dorn, David and Katz, Lawrence F and Patterson, Christina and Van Reenen, John},
	journal={The Quarterly Journal of Economics},
	volume={135},
	number={2},
	pages={645--709},
	year={2020},
	publisher={Oxford University Press}
}

@article{Frangi2014,
	title={Confidence in Brazilian Unions: A Longitudinal Analysis},
	author={Frangi, Lorenzo and Memoli, Vincenzo},
	journal={Latin American Perspectives},
	volume={41},
	number={5},
	pages={42--58},
	year={2014},
	publisher={SAGE Publications Sage CA: Los Angeles, CA}
}

@techreport{anfip,
	title={Desoneração da folha de pagamentos: impactos no financiamento da previdência social},
	author={Zanghelini, Airton Nagel and Braga Junior, Francisco Rodrigues and Maçaneiro, Vanderley José},
	year={2015},
	institution={ANFIP - Associação Nacional dos Auditores-Fiscais da Receita Federal do Brasil}
}


@Misc{ME,
	author        = {Ministério{\ }da{\ }Economia},
	title         = {Desoneração da Folha de Pagamento},
	year          = {2017},
	organization  = {Receita Federal},
	url           = {https://receita.economia.gov.br/dados/receitadata/renuncia-fiscal/renuncia-fiscal-setorial/desoneracao-da-folha-ate-dez_2017.pdf},
	urlaccessdate = {15 jan. 2021}
}

@article{Manning2021,
title={Monopsony in labor markets: a review},
author={Manning, Alan},
journal={ILR Review},
volume={74},
number={1},
pages={3--26},
year={2021},
publisher={SAGE Publications Sage CA: Los Angeles, CA}
}

@incollection{Murillo2010,
	author      = "M. Victoria Murillo and Andrew Schrank",
	title       = "Labor Organizations and Their Role in the Era of Political and Economic Reform",
	editor      = "Carlos Scartascini and Ernesto Stein and Mariano Tommasi",
	booktitle   = "How Democracy Works: Political Institutions, Actors, and Arenas in Latin American Policymaking.",
	publisher   = "Cambridge: InterAmerican Development Bank/David Rockefeller Center for Latin American Studies at Harvard University",
	year        = 2010,
	pages       = "247–268",
	chapter     = 9,
}


@incollection{Manning2011,
	title={Imperfect competition in the labor market},
	author={Manning, Alan},
	booktitle={Handbook of labor economics},
	volume={4},
	pages={973--1041},
	year={2011},
	publisher={Elsevier}
}

@article{Menezes2008,
title={Trade unions and the economic performance of Brazilian establishments},
author={Menezes-Filho, Na{\'e}rcio Aquino and Chahad, Jos{\'e} Paulo and Zylberstajn, H{\'e}lio and Pazello, Elaine Toldo},
journal={Estudos Econ{\^o}micos (S{\~a}o Paulo)},
volume={38},
number={1},
pages={55--72},
year={2008},
publisher={SciELO Brasil}
}

@article{Nizalova2012,
	title={The wage elasticity of informal care supply: evidence from the health and retirement study},
	author={Nizalova, Olena},
	journal={Southern Economic Journal},
	volume={79},
	number={2},
	pages={350--366},
	year={2012},
	publisher={Wiley Online Library}
}

@article{Klette1999,
	title={Market power, scale economies and productivity: estimates from a panel of establishment data},
	author={Klette, Tor Jakob},
	journal={The Journal of Industrial Economics},
	volume={47},
	number={4},
	pages={451--476},
	year={1999},
	publisher={Wiley Online Library}
}

@article{Hyde1995,
	title={Can market power be estimated?},
	author={Hyde, Charles E and Perloff, Jeffrey M},
	journal={Review of Industrial Organization},
	volume={10},
	number={4},
	pages={465--485},
	year={1995},
	publisher={Springer}
}

@article{Bachmann2017,
	title={Monopsonistic competition, low-wage labour markets, and minimum wages--An empirical analysis},
	author={Bachmann, Ronald and Frings, Hanna},
	journal={Applied Economics},
	volume={49},
	number={51},
	pages={5268--5286},
	year={2017},
	publisher={Taylor \& Francis}
}

@article{Lawson2011,
	title={Is collective bargaining Pareto efficient? A survey of the literature},
	author={Lawson, Nicholas P},
	journal={Journal of Labor Research},
	volume={32},
	number={3},
	pages={282},
	year={2011},
	publisher={Springer}
}

@article{Glassner2011,
	title={Collective bargaining in a time of crisis: developments in the private sector in Europe},
	author={Glassner, Vera and Keune, Maarten and Marginson, Paul},
	journal={Transfer: European Review of Labour and Research},
	volume={17},
	number={3},
	pages={303--322},
	year={2011},
	publisher={SAGE Publications Sage UK: London, England}
}

@article{Acemoglu2009,
	title={The Solow growth model},
	author={Acemoglu, Daron},
	journal={Introduction to modern economic growth},
	pages={26--76},
	year={2009},
	publisher={Princeton University Press Princeton, NJ}
}

@article{blanchard2003,
	title={Macroeconomic effects of regulation and deregulation in goods and labor markets},
	author={Blanchard, Olivier and Giavazzi, Francesco},
	journal={The Quarterly journal of economics},
	volume={118},
	number={3},
	pages={879--907},
	year={2003},
	publisher={MIT Press}
}

@article{Berges2008,
	title={Is competition or collusion in the product market relevant for labour markets?},
	author={Berg{\`e}s, Fabian and Caprice, St{\'e}phane},
	journal={Recherches {\'E}conomiques de Louvain/Louvain Economic Review},
	volume={74},
	number={3},
	pages={273--298},
	year={2008},
	publisher={Cambridge University Press}
}

@article{Symeonidis2008,
	title={Downstream competition, bargaining, and welfare},
	author={Symeonidis, George},
	journal={Journal of Economics \& Management Strategy},
	volume={17},
	number={1},
	pages={247--270},
	year={2008},
	publisher={Wiley Online Library}
}

@article{Petrin2013,
	title={Estimating lost output from allocative inefficiency, with an application to Chile and firing costs},
	author={Petrin, Amil and Sivadasan, Jagadeesh},
	journal={Review of Economics and Statistics},
	volume={95},
	number={1},
	pages={286--301},
	year={2013},
	publisher={MIT Press}
}

@article{Loecker2011,
	title={Recovering markups from production data},
	author={De Loecker, Jan},
	journal={International Journal of Industrial Organization},
	volume={29},
	number={3},
	pages={350--355},
	year={2011},
	publisher={Elsevier}
}

@article{Nickell1983,
	title={Unions, real wages and employment in Britain 1951-79},
	author={Nickell, Stephen J and Andrews, Martyn},
	journal={Oxford economic papers},
	volume={35},
	pages={183--206},
	year={1983},
	publisher={JSTOR}
}

@article{Berry2019,
	title={Do increasing markups matter? lessons from empirical industrial organization},
	author={Berry, Steven and Gaynor, Martin and Scott Morton, Fiona},
	journal={Journal of Economic Perspectives},
	volume={33},
	number={3},
	pages={44--68},
	year={2019}
}

@inproceedings{Krueger2018,
	title={Reflections on dwindling worker bargaining power and monetary policy},
	author={Krueger, Alan B},
	booktitle={Luncheon Address at the Jackson Hole Economic Symposium},
	volume={24},
	year={2018}
}

@article{Azar2020,
	title={Labor market concentration},
	author={Azar, Jos{\'e} and Marinescu, Ioana and Steinbaum, Marshall},
	journal={Journal of Human Resources},
	pages={1218--9914R1},
	year={2020},
	publisher={University of Wisconsin Press}
}

@techreport{Azar2018,
	title={Concentration in US labor markets: Evidence from online vacancy data},
	author={Azar, Jos{\'e} A and Marinescu, Ioana and Steinbaum, Marshall I and Taska, Bledi},
	year={2018},
	institution={National Bureau of Economic Research},
	type    = {Working Paper},
	number = {w24395}
}

@Article{Feynman1963118,
  author  = {R.P Feynman and F.L {Vernon Jr.}},
  journal = {Annals of Physics},
  title   = {The theory of a general quantum system interacting with a linear dissipative system},
  year    = {1963},
  pages   = {118--173},
  volume  = {24},
  doi     = {10.1016/0003-4916(63)90068-X},
}

@article{Dobbelaere2013,
	title={Panel data estimates of the production function and product and labor market imperfections},
	author={Dobbelaere, Sabien and Mairesse, Jacques},
	journal={Journal of Applied Econometrics},
	volume={28},
	number={1},
	pages={1--46},
	year={2013},
	publisher={Wiley Online Library}
}

@Misc{Piaibge,
	author        = {IBGE},
	title         = {Pesquisa Industrial},
	year          = {2016},
	organization  = {IBGE},
	url           = {https://biblioteca.ibge.gov.br/visualizacao/periodicos/1719/pia_2016_v35_n1_empresa_notas_tecnicas.pdf},
	urlaccessdate = {15 ago. 2019},
}

@article{Basu2002,
	title={Aggregate productivity and aggregate technology},
	author={Basu, Susanto and Fernald, John G},
	journal={European Economic Review},
	volume={46},
	number={6},
	pages={963--991},
	year={2002},
	publisher={Elsevier}
}

@techreport{Gandhi2017,
	title={On the Identification of Gross Output Production Functions},
	author={Gandhi, Amit and Navarro, Salvador and Rivers, David},
	year={2018},
	institution={University of Western Ontario, Centre for Human Capital and Productivity (CHCP)},
	type    = {Working Paper},
	number = {20181}
}

@article{Gandhi2020,
	title={On the identification of gross output production functions},
	author={Gandhi, Amit and Navarro, Salvador and Rivers, David A},
	journal={Journal of Political Economy},
	volume={128},
	number={8},
	pages={000--000},
	year={2020},
	publisher={The University of Chicago Press Chicago, IL}
}

@techreport{Nesta2019,
	title={International competition and rent sharing in French manufacturing},
	author={Nesta, Lionel and Schiavo, Stefano},
	institution={halshs-01948345},
	year={2019},
	type    = {Working Paper}
}

@techreport{Dobbelaere2020,
	title={The Impact of Trade Liberalization on Firms' Product and Labor Market Power},
	author={Dobbelaere, Sabien and Wiersma, Quint},
	year={2020},
	institution={Institute of Labor Economics (IZA), Bonn},
	type    = {IZA Discussion Papers},
	number = {12951}
}

@techreport{deloecker2016,
	title={Estimating market power Evidence from the US Brewing Industry},
	author={De Loecker, Jan and Scott, Paul T},
	year={2016},
	institution={National Bureau of Economic Research}
}

@article{dobbelaere2018Ma,
	title={Comparing micro-evidence on rent sharing from two different econometric models},
	author={Dobbelaere, Sabien and Mairesse, Jacques},
	journal={Labour Economics},
	volume={52},
	pages={18--26},
	year={2018},
	publisher={Elsevier}
}

@article{Mcdonald1981,
	title={Wage bargaining and employment},
	author={McDonald, Ian M and Solow, Robert M},
	journal={The American Economic Review},
	volume={71},
	number={5},
	pages={896--908},
	year={1981},
	publisher={JSTOR}
}


@article{Ackerberg2015,
	title={Identification properties of recent production function estimators},
	author={Ackerberg, Daniel A and Caves, Kevin and Frazer, Garth},
	journal={Econometrica},
	volume={83},
	number={6},
	pages={2411--2451},
	year={2015},
	publisher={Wiley Online Library}
}

@TechReport{Garcia2018,
author      = {Garcia, Felipe and Sachsida, Adolfo and de Carvalho, Alexandre Ywata},
title       = {Impacto da Desonera{\c{c}}{\~a}o da Folha de Pagamento sobre o emprego: Novas evid{\^e}ncias},
institution = {Texto para Discuss{\~a}o},
year        = {2018},
}

@article{Dobbelaere2018,
	title={Labor market imperfections, markups and productivity in multinationals and exporters},
	author={Dobbelaere, Sabien and Kiyota, Kozo},
	journal={Labour Economics},
	volume={53},
	pages={198--212},
	year={2018},
	publisher={Elsevier}
}

@article{Loecker2012,
	title={Markups and firm-level export status},
	author={De Loecker, Jan and Warzynski, Frederic},
	journal={American economic review},
	volume={102},
	number={6},
	pages={2437--71},
	year={2012}
}


@article{Lucinda2013,
	title={Qu{\~a}o imperfeita {\'e} a competi{\c{c}}{\~a}o na ind{\'u}stria brasileira?: estimativas de mark up setorial entre 1996 e 2007},
	author={Lucinda, Claudio and Meyer, Leandro},
	journal={Estudos Econ{\^o}micos (S{\~a}o Paulo)},
	volume={43},
	number={4},
	pages={687--710},
	year={2013},
	publisher={SciELO Brasil}
}

@article{Nash1950,
	title={The bargaining problem},
	author={Nash Jr, John F},
	journal={Econometrica: Journal of the Econometric Society},
	pages={155--162},
	year={1950},
	publisher={JSTOR}
}

@article{Hall1988,
	title={The relation between price and marginal cost in US industry},
	author={Hall, Robert E},
	journal={Journal of political Economy},
	volume={96},
	number={5},
	pages={921--947},
	year={1988},
	publisher={The University of Chicago Press}
}

@article{Crepon2005,
	title={Price-cost margins and rent sharing: Evidence from a panel of French manufacturing firms},
	author={Cr{\'e}pon, Bruno and Desplatz, Rozenn and Mairesse, Jacques},
	journal={Annales d'{\'E}conomie et de Statistique},
	pages={583--610},
	year={2005},
	publisher={JSTOR}
}

@article{Dobbelaere2004,
	title={Estimation of price-cost margins and union bargaining power for Belgian manufacturing},
	author={Dobbelaere, Sabien},
	journal={International Journal of Industrial Organization},
	volume={22},
	number={10},
	pages={1381--1398},
	year={2004},
	publisher={Elsevier}
}

@article{Pal2016,
	title={Estimating workers’ bargaining power and firms’ markup in India: Implications of reforms and labour regulations},
	author={Pal, Rupayan and Rathore, Udayan},
	journal={Journal of Policy Modeling},
	volume={38},
	number={6},
	pages={1118--1135},
	year={2016},
	publisher={Elsevier}
}

@article{Amador2017,
	title={Markups and bargaining power in tradable and non-tradable sectors},
	author={Amador, Jo{\~a}o and Soares, Ana Cristina},
	journal={Empirical Economics},
	volume={53},
	number={2},
	pages={669--694},
	year={2017},
	publisher={Springer}
}

@article{Boulhol2011,
	title={Imports as product and labour market discipline},
	author={Boulhol, Herv{\'e} and Dobbelaere, Sabien and Maioli, Sara},
	journal={British Journal of Industrial Relations},
	volume={49},
	number={2},
	pages={331--361},
	year={2011},
	publisher={Wiley Online Library}
}

@article{Brock2006,
	title={Has international trade affected workers’ bargaining power?},
	author={Brock, Ellen and Dobbelaere, Sabien},
	journal={Review of World Economics},
	volume={142},
	number={2},
	pages={233--266},
	year={2006},
	publisher={Springer}
}

@article{Dumont2006,
	title={Does internationalization affect union bargaining power? An empirical study for five EU countries},
	author={Dumont, Michel and Rayp, Glenn and Willeme, Peter},
	journal={Oxford Economic Papers},
	volume={58},
	number={1},
	pages={77--102},
	year={2006},
	publisher={Oxford University Press}
}

@article{Soares2019,
	title={Price-cost margin and bargaining power in the European Union},
	author={Soares, Ana Cristina},
	journal={Empirical Economics},
	pages={1--31},
	year={2019},
	publisher={Springer}
}


@article{Arndt2018,
	title={White-Collar Unions and Attitudes towards Income Inequality, Redistribution, and State--Market Relations},
	author={Arndt, Christoph},
	journal={European Sociological Review},
	volume={34},
	number={6},
	pages={675--693},
	year={2018},
	publisher={Oxford University Press}
}

@article{Arndt2016,
	title={Union members at the polls in diverse trade union landscapes},
	author={Arndt, Christoph and Rennwald, Line},
	journal={European Journal of Political Research},
	volume={55},
	number={4},
	pages={702--722},
	year={2016},
	publisher={Wiley Online Library}
}

@Book{Manning2003,
  title     = {Monopsony in motion: Imperfect competition in labor markets},
  publisher = {Princeton University Press},
  year      = {2003},
  author    = {Manning, Alan},
}

@misc{Damoah2019,
	title={Markups, Market Imperfections, and Trade Openness: Evidence from Ghana},
	author={Damoah, Kaku Attah},
	year={2019},
	publisher={The World Bank}
}

@article{Mertens2020,
	title={Labor market power and the distorting effects of international trade},
	author={Mertens, Matthias},
	journal={International Journal of Industrial Organization},
	volume={68},
	pages={102562},
	year={2020},
	publisher={Elsevier}
}

@article{Syverson2011,
	title={What determines productivity?},
	author={Syverson, Chad},
	journal={Journal of Economic literature},
	volume={49},
	number={2},
	pages={326--65},
	year={2011}
}

@article{Conway1998,
	title={Male labor supply estimates and the decision to moonlight},
	author={Conway, Karen Smith and Kimmel, Jean},
	journal={Labour Economics},
	volume={5},
	number={2},
	pages={135--166},
	year={1998},
	publisher={Elsevier}
}

@article{Vansoest1995,
	title={Structural models of family labor supply: a discrete choice approach},
	author={Van Soest, Arthur},
	journal={Journal of human Resources},
	pages={63--88},
	year={1995},
	publisher={JSTOR}
}

@article{Dessing2002,
	title={Labor supply, the family and poverty: the S-shaped labor supply curve},
	author={Dessing, Maryke},
	journal={Journal of Economic Behavior \& Organization},
	volume={49},
	number={4},
	pages={433--458},
	year={2002},
	publisher={Elsevier}
}

@article{Euwals1999,
	title={Desired and actual labour supply of unmarried men and women in the Netherlands},
	author={Euwals, Rob and Van Soest, Arthur},
	journal={Labour Economics},
	volume={6},
	number={1},
	pages={95--118},
	year={1999},
	publisher={Elsevier}
}

@article{Gruber1997,
title={The incidence of payroll taxation: evidence from Chile},
author={Gruber, Jonathan},
journal={Journal of labor economics},
volume={15},
number={S3},
pages={S72--S101},
year={1997},
publisher={The University of Chicago Press}
}

@Article{Freitas2022,
  author    = {Freitas, Carlos Eduardo de and Paes, Nelson Leit{\~a}o},
  journal   = {Estudos Econ{\^o}micos (S{\~a}o Paulo)},
  title     = {Impactos da desonera{\c{c}}{\~a}o da folha de pagamentos sobre o emprego formal e a competitividade industrial: uma aproxima{\c{c}}{\~a}o pelo m{\'e}todo de Difference in Differences com Propensity Score Matching},
  year      = {2022},
  pages     = {281--316},
  volume    = {52},
  publisher = {SciELO Brasil},
}

@Misc{receitaexp,
  author        = {Receita Federal},
  title         = {Desoneração da Folha de Pagamento: Estimativa de Renúncia e Metodologia de Cálculo},
  year          = {2017},
  organization  = {Receita Federal},
  url           = {http://receita.economia.gov.br/dados/receitadata/renuncia-fiscal/renuncia-fiscal-setorial/Metodologia18maio17.pdf},
  urlaccessdate = {15 jan. 2020},
}

@Article{DeChaisemartin2020,
  author    = {De Chaisemartin, Cl{\'e}ment and d’Haultfoeuille, Xavier},
  journal   = {American Economic Review},
  title     = {Two-way fixed effects estimators with heterogeneous treatment effects},
  year      = {2020},
  number    = {9},
  pages     = {2964--2996},
  volume    = {110},
  publisher = {American Economic Association 2014 Broadway, Suite 305, Nashville, TN 37203},
}

@Article{Callaway2021,
  author    = {Callaway, Brantly and Sant’Anna, Pedro HC},
  journal   = {Journal of econometrics},
  title     = {Difference-in-differences with multiple time periods},
  year      = {2021},
  number    = {2},
  pages     = {200--230},
  volume    = {225},
  publisher = {Elsevier},
}

@Article{Sun2021,
  author    = {Sun, Liyang and Abraham, Sarah},
  journal   = {Journal of Econometrics},
  title     = {Estimating dynamic treatment effects in event studies with heterogeneous treatment effects},
  year      = {2021},
  number    = {2},
  pages     = {175--199},
  volume    = {225},
  publisher = {Elsevier},
}

@Comment{jabref-meta: databaseType:bibtex;}
